@article{Dias2010AEnvironment,
    title = {{a Case Study That Shows the Importance of Color in Web Collaborative Educational Environment}},
    year = {2010},
    journal = {CSEDU 2010 - Proceedings of the Second International Conference on Computer Supported Education, Valencia, Spain, April 7-10, 2010 - Volume 1},
    author = {Dias, Ana L and Silva, Marcos A R and Anacleto, Junia C and Silveira, Luciana M and Penteado, Rosângela A D},
    pages = {226--231},
    isbn = {9789896740238 (ISBN)},
    keywords = {Case Study, Colors, Common Sense, Emotions, Motivational Design Patterns, Web Project}
}

@article{Ferreira2007AbordagemMoveis,
    title = {{Abordagem H{\'{i}}brida para Avalia{\c{c}}{\~{a}}o da Usabilidade de Dispositivos M{\'{o}}veis}},
    year = {2007},
    author = {Ferreira, Danilo de Souza},
    url = {http://docs.computacao.ufcg.edu.br/posgraduacao/dissertacoes/2007/Dissertacao_DanilodeSousaFerreira.pdf}
}

@article{Alban2012AmpliandoResponsivo,
    title = {{Ampliando a usabilidade de interfaces web para idosos em dispositivos m{\'{o}}veis : uma proposta utilizando design responsivo}},
    year = {2012},
    journal = {Cinted-URFGS},
    author = {Alban, Afonso and Marchi, Ana Carolina Bertoletti De and Scortegagna, Silvana Alba and Leguisamo, Camila Pereira},
    number = {V}
}

@article{Bertini2006AppropriatingComputing,
    title = {{Appropriating and Assessing Heuristics for Mobile Computing}},
    year = {2006},
    journal = {Proceedings of the Working Conference on Advanced Visual Interfaces (AVI'06)},
    author = {Bertini, Enrico and Gabrielli, Silvia and Kimani, Stephen},
    pages = {119--126},
    url = {http://dl.acm.org/citation.cfm?id=1133265.1133291},
    isbn = {1595933530},
    doi = {http://doi.acm.org/10.1145/1133265.1133291},
    issn = {1089-7690},
    pmid = {22225142},
    keywords = {Usability heuristics, heuristic evaluation, mobile computing}
}

@article{Carneiro2014AspectosIdade,
    title = {{Aspectos de usabilidade de mobile learning voltado para usu{\'{a}}rios com restri{\c{c}}ões decorrentes da idade}},
    year = {2014},
    journal = {Revista Brasileira de Computa{\c{c}}{\~{a}}o Aplicada},
    author = {Carneiro, Rommel Vieira and Ishitani, Lucila},
    number = {1},
    pages = {81--94},
    volume = {6},
    url = {http://www.upf.br/seer/index.php/rbca/article/view/3426},
    doi = {10.5335/rbca.2014.3426},
    issn = {2176-6649},
    keywords = {elderly, mobile learning, usability}
}

@article{Overbeeke2004BeautyUse,
    title = {{Beauty in Use}},
    year = {2004},
    journal = {Human-Computer Interaction},
    author = {Overbeeke, Kees and Wensveen, Stephan},
    number = {4},
    pages = {367--369},
    volume = {19},
    isbn = {0737-0024},
    doi = {10.1207/s15327051hci1904{\_}5},
    issn = {0737-0024}
}

@article{Eick2001DoesData,
    title = {{Does code decay? Assessing the evidence from change management data}},
    year = {2001},
    journal = {IEEE Transactions on Software Engineering},
    author = {Eick, S.G. and Graves, T.L. and Karr, A.F. and Marron, J.S. and Mockus, A.},
    volume = {27},
    isbn = {0098-5589},
    doi = {10.1109/32.895984},
    issn = {0098-5589}
}

@inproceedings{Gong2004GuidelinesDesign,
    title = {{Guidelines for handheld mobile device interface design}},
    year = {2004},
    booktitle = {Proceedings of DSI 2004 Annual Meeting},
    author = {Gong, Jun and Tarasewich, Peter},
    pages = {3751--3756},
    url = {citeseerx.ist.psu.edu\nhttp://www.itu.dk/~jeppeh/Materiale til fag/Konceptudvikling/Guidelines for mobile interface design.pdf},
    doi = {10.1.1.87.5230},
    keywords = {design, guidelines, handheld, interface, mobile}
}

@article{Gong2004GuidelinesDesignb,
    title = {{Guidelines for handheld mobile device interface design}},
    year = {2004},
    journal = {Proceedings of DSI 2004 Annual Meeting},
    author = {Gong, Jun and Tarasewich, Peter},
    pages = {3751--3756},
    url = {citeseerx.ist.psu.edu\nhttp://www.itu.dk/~jeppeh/Materiale til fag/Konceptudvikling/Guidelines for mobile interface design.pdf},
    doi = {10.1.1.87.5230},
    keywords = {design, guidelines, handheld, interface, mobile}
}

@article{MachadoNeto2013HeuristicsDevices,
    title = {{Heuristics for the assessment of interfaces of mobile devices}},
    year = {2013},
    journal = {Proceedings of the 19th Brazilian symposium on Multimedia and the web - WebMedia '13},
    author = {Machado Neto, Olibário and Pimentel, Maria Da Graça},
    pages = {93--96},
    url = {http://www.scopus.com/inward/record.url?eid=2-s2.0-84889588423&partnerID=tZOtx3y1},
    isbn = {9781450325592},
    doi = {10.1145/2526188.2526237},
    keywords = {human factors, interface design, mobile computing, usability evaluation}
}

@article{Chittaro2008InteractingDevices,
    title = {{Interacting with Visual Interfaces on Mobile Devices}},
    year = {2008},
    journal = {Computer},
    author = {Chittaro, Luca},
    pages = {1--5},
    volume = {272},
    isbn = {9780387096773},
    issn = {15715736},
    keywords = {1, are increasingly used to, contents of the talk, human-computer interaction, information visualization, mobile devices, mobile devices such as, mobile phones and pdas, support, user studies, visual interfaces}
}

@article{Pelet2014KnowledgeOrganizations,
    title = {{Knowledge Management in Organizations}},
    year = {2014},
    author = {Pelet, Jean-eric and Uden, Lorna},
    number = {Ml},
    pages = {267--278},
    volume = {185},
    url = {http://link.springer.com/10.1007/978-3-319-08618-7},
    isbn = {978-3-319-08617-0},
    doi = {10.1007/978-3-319-08618-7}
}

@article{Wetzlinger2014MobileIndustry,
    title = {{Mobile Usability Testing Requirements and their Implementation in the Automation Engineering Industry}},
    year = {2014},
    author = {Wetzlinger, Werner and Nedbal, Dietmar and Grossauer, Christian and Holzmann, Clemens},
    keywords = {handheld terminal, interaction logging, navigation sequence, requirements analysis, touch heatmap, usability testing}
}

@article{Bonnardel2011TheProcesses,
    title = {{The impact of colour on Website appeal and users’ cognitive processes}},
    year = {2011},
    journal = {Displays},
    author = {Bonnardel, Nathalie and Piolat, Annie and Le Bigot, Ludovic},
    number = {2},
    pages = {69--80},
    volume = {32},
    publisher = {Elsevier B.V.},
    url = {http://linkinghub.elsevier.com/retrieve/pii/S0141938210000958},
    doi = {10.1016/j.displa.2010.12.002},
    issn = {01419382}
}

@article{Kulpa2010UmIndividuals,
    title = {{Um Modelo de Cores na Usabilidade das Interfaces Computacionais para os Deficientes de Baixa Vis{\~{a}}o A Colors Model in the Usability of Computer Interfaces to Low Vision Individuals}},
    year = {2010},
    journal = {Design {\&} Tecnologia},
    author = {Kulpa, C C and Teixeira, F G and Silva, R P},
    number = {1},
    pages = {66--78},
    volume = {1},
    keywords = {"Computacionais, Baixa Vis{\~{a}}o", Cores, Usabilidade, colors, computer interfaces, low vision, usability}
}

@article{Goncalves2011UmaCelulares,
    title = {{Uma revis{\~{a}}o sistem{\'{a}}tica sobre m{\'{e}}todos de avalia{\c{c}}{\~{a}}o de usabilidade aplicados em software de telefones celulares}},
    year = {2011},
    author = {Gon{\c{c}}alves, Vinícius P. and Neris, Vânia P. A. and Morandini, Marcelo and Nakagawa, Elisa Y. and Ueyama, Jó},
    pages = {197--201},
    url = {http://dl.acm.org/citation.cfm?id=2254436.2254470},
    isbn = {978-85-7669-257-7},
    keywords = {dispositives m{\'{o}}veis, m{\'{e}}todos de avalia{\c{c}}{\~{a}}o, revis{\~{a}}o sistem{\'{a}}tica, telefones celulares, usabilidade}
}

@article{Neto2013UsabilidadeDesign,
    title = {{Usabilidade da interface de dispositivos m{\'{o}}veis: heur{\'{i}}sticas e diretrizes para o design}},
    year = {2013},
    journal = {Teses.Usp.Br},
    author = {Neto, Olibário José Machado},
    url = {http://www.teses.usp.br/teses/disponiveis/55/55134/tde-07012014-110754/en.php},
    keywords = {Avalia{\c{c}}{\~{a}}o de Usabilidade de Interfaces de Disposit, Avalia{\c{c}}{\~{a}}o heur{\'{i}}stica, Design de Interfaces, vii}
}

@article{Cabala2012WirelessDevice,
    title = {{Wireless Real-Time Vehicle Monitoring Based on Android Mobile Device}},
    year = {2012},
    journal = {Acta Electrotechnica et Informatica},
    author = {{\v{C}}abala, Martin and Gamec, Ján},
    number = {4},
    pages = {7--11},
    volume = {12},
    url = {http://www.degruyter.com/view/j/aeei.2012.12.issue-4/v10198-012-0039-x/v10198-012-0039-x.xml},
    doi = {http://dx.doi.org/10.2478/v10198-012-0039-x},
    issn = {1338-3957},
    keywords = {Android, Bluetooth, CAN, ELM 327, OBDII, car diagnostics}
}